<?xml version="1.0" encoding="UTF-8"?><record xmlns="http://www.loc.gov/MARC21/slim" xmlns:cinclude="http://apache.org/cocoon/include/1.0" xmlns:zs="http://www.loc.gov/zing/srw/">
  <leader>00488cz  a2200157n  4500</leader>
  <controlfield tag="001">n  95016763 </controlfield>
  <controlfield tag="003">DLC</controlfield>
  <controlfield tag="005">20080424075801.0</controlfield>
  <controlfield tag="008">950218n| acannaabn          |a aaa      </controlfield>
  <datafield tag="010" ind1=" " ind2=" ">
    <subfield code="a">n  95016763 </subfield>
    <subfield code="z">no2008028149</subfield>
  </datafield>
  <datafield tag="040" ind1=" " ind2=" ">
    <subfield code="a">DLC</subfield>
    <subfield code="c">DLC</subfield>
    <subfield code="d">DLC</subfield>
  </datafield>
  <datafield tag="100" ind1="1" ind2=" ">
    <subfield code="a">Galicot, José</subfield>
  </datafield>
  <datafield tag="400" ind1="1" ind2=" ">
    <subfield code="w">nne</subfield>
    <subfield code="a">Galicot Behar, José</subfield>
  </datafield>
  <datafield tag="400" ind1="1" ind2=" ">
    <subfield code="a">Behar, José Galicot</subfield>
  </datafield>
  <datafield tag="670" ind1=" " ind2=" ">
    <subfield code="a">La Tía Juana, 1992:</subfield>
    <subfield code="b">t.p. (José Galicot)</subfield>
  </datafield>
  <datafield tag="670" ind1=" " ind2=" ">
    <subfield code="a">Dialogo, 1999?:</subfield>
    <subfield code="b">cover (José Galicot Behar) p. 1, etc. (writer; Mexican?)</subfield>
  </datafield>
</record>